<?xml version="1.0" encoding="UTF-8"?><collection xmlns="http://www.loc.gov/MARC21/slim"><record><leader>00407nam--2200133-i-4500</leader><controlfield tag="001">000011715</controlfield><controlfield tag="002">20161230</controlfield><controlfield tag="005">20161230201029</controlfield><controlfield tag="008">060222s1000------------r-----000-0-eng-d</controlfield><datafield ind1=" " ind2=" " tag="080"><subfield code="a">543.424(043):543.422.4(043)</subfield></datafield><datafield ind1=" " ind2=" " tag="100"><subfield code="a">Barral, Jean-claude</subfield></datafield><datafield ind1=" " ind2=" " tag="245"><subfield code="a">Etude par les methodes spectroscopiques du fluor a l etat condense et adsorbe</subfield></datafield><datafield ind1=" " ind2=" " tag="260"><subfield code="a">Lyon, L Universite Claude Bernard, 1973 121 P</subfield></datafield><datafield ind1=" " ind2=" " tag="852"><subfield code="a">43354</subfield></datafield></record></collection>